@book{CS2013,
 author = {Joint Task Force on Computing Curricula, Association for Computing Machinery (ACM) and IEEE Computer Society},
 title = {Computer Science Curricula 2013: Curriculum Guidelines for Undergraduate Degree Programs in Computer Science},
 year = {2013},
 isbn = {978-1-4503-2309-3},
 note = {999133},
 publisher = {ACM},
 address = {New York, NY, USA},
}
@ARTICLE{7600449,
author={B. {Pérez-Sánchez} and P. {Morais}},
journal={IEEE Revista Iberoamericana de Tecnologias del Aprendizaje},
title={Learning Data Structures—Same Difficulties in Different Countries?},
year={2016},
volume={11},
number={4},
pages={242-247},
keywords={data structures;educational courses;teaching;data structure learning;computer engineering studies;teaching;programming subject;Coruña University;Spain;informatics degree;Portucalense University;Portugal;Data structures;Programming profession;Education;Computers;Java;Absenteeism;learning strategy;assessment;performance;data structures},
doi={10.1109/RITA.2016.2619140},
ISSN={1932-8540},
month={Nov},}
@article{Brown:1984:SAA:964965.808596,
 author = {Brown, Marc H. and Sedgewick, Robert},
 title = {A System for Algorithm Animation},
 journal = {SIGGRAPH Comput. Graph.},
 issue_date = {July 1984},
 volume = {18},
 number = {3},
 month = jan,
 year = {1984},
 issn = {0097-8930},
 pages = {177--186},
 numpages = {10},
 url = {http://doi.acm.org/10.1145/964965.808596},
 doi = {10.1145/964965.808596},
 acmid = {808596},
 publisher = {ACM},
 address = {New York, NY, USA},
} 
@article{Stasko:1992:AAX:130956.130959,
 author = {Stasko, John},
 title = {Animating Algorithms with XTANGO},
 journal = {SIGACT News},
 issue_date = {Spring 1992},
 volume = {23},
 number = {2},
 month = may,
 year = {1992},
 issn = {0163-5700},
 pages = {67--71},
 numpages = {5},
 url = {http://doi.acm.org.ezproxy.auckland.ac.nz/10.1145/130956.130959},
 doi = {10.1145/130956.130959},
 acmid = {130959},
 publisher = {ACM},
 address = {New York, NY, USA},
} 
@article{Shaffer:2010:AVS:1821996.1821997,
 author = {Shaffer, Clifford A. and Cooper, Matthew L. and Alon, Alexander Joel D. and Akbar, Monika and Stewart, Michael and Ponce, Sean and Edwards, Stephen H.},
 title = {Algorithm Visualization: The State of the Field},
 journal = {Trans. Comput. Educ.},
 issue_date = {August 2010},
 volume = {10},
 number = {3},
 month = aug,
 year = {2010},
 issn = {1946-6226},
 pages = {9:1--9:22},
 articleno = {9},
 numpages = {22},
 url = {http://doi.acm.org/10.1145/1821996.1821997},
 doi = {10.1145/1821996.1821997},
 acmid = {1821997},
 publisher = {ACM},
 address = {New York, NY, USA},
 keywords = {AlgoViz Wiki, Algorithm animation, algorithm visualization, community, data structure visualization, free and open source software},
}
@inproceedings{codeAdventure,
author = {Andreou, Panayiotis and Nicou, George and Polycarpou, Irene and Germanakos, Panagiotis and Paspallis, Nearchos},
year = {2017},
month = {07},
pages = {},
title = {CodeAdventure: An Adventure Game for Computer Science Education},
doi = {10.1007/978-3-319-58509-3_33}
}
@article{Battistella,
author = {Eduardo Battistella, Paulo and Gresse von Wangenheim, Christiane and Von Wangenheim, Aldo and Martina, Jean},
year = {2017},
month = {11},
pages = {},
title = {Design and Large-scale Evaluation of Educational Games for Teaching Sorting Algorithms},
volume = {16},
journal = {Informatics in Education},
doi = {10.15388/infedu.2017.08}
}
@INPROCEEDINGS{Rafael, 
author={R. {Savi} and C. G. v. {Wangenheim} and A. F. {Borgatto}}, 
booktitle={2011 25th Brazilian Symposium on Software Engineering}, 
title={A Model for the Evaluation of Educational Games for Teaching Software Engineering}, 
year={2011}, 
volume={}, 
number={}, 
pages={194-203}, 
keywords={computer games;computer science education;courseware;games of skill;software engineering;software reliability;teaching;software engineering teaching;assessment model;educational resource;educational board game quality;software engineering course;user experience;educational SE game learning;Software;Games;Software engineering;Materials;Instruments;Education;Context modeling;educational games;teaching;software engineering;software project management}, 
doi={10.1109/SBES.2011.27}, 
ISSN={}, 
month={Sep.}
}
@article{mathrani,
author = {Mathrani, Anuradha and Christian, Shelly and Ponder-Sutton, Agate},
year = {2016},
month = {04},
pages = {5-17},
title = {PlayIT: Game Based Learning Approach for Teaching Programming Concepts},
volume = {19},
journal = {Educational Technology \& Society}
}
@misc{visualgo, title={VisuAlgo.net}, url={https://visualgo.net/en}, journal={VisuAlgo}}
@article{TRAKLA2,
author = {Malmi, Lauri and Karavirta, Ville and Korhonen, Ari and Nikander, Jussi and Seppälä, Otto and Silvasti, Panu},
year = {2004},
month = {10},
pages = {267-288},
title = {Visual Algorithm Simulation Exercise System with Automatic Assessment: TRAKLA2},
volume = {3},
journal = {Informatics in Education}
}
@INPROCEEDINGS{Park, 
author={B. {Park} and D. T. {Ahmed}}, 
booktitle={2017 International Conference on Computational Science and Computational Intelligence (CSCI)}, 
title={Abstracting Learning Methods for Stack and Queue Data Structures in Video Games}, 
year={2017}, 
volume={}, 
number={}, 
pages={1051-1054}, 
keywords={computer aided instruction;computer science education;data structures;educational courses;serious games (computing);teaching;learning methods;queue data structures;video game;computer science students;stack data structures;computer science education;gamification;serious games;CS education;engagement;motivation}, 
doi={10.1109/CSCI.2017.183}, 
ISSN={}, 
month={Dec},}
@inproceedings{vegh,
author = {Ladislav Vegh},
year = {2016},
month = {04},
pages = {565-570},
title = {Using Interactive Game-Based Animations for Teaching and Learning Sorting Algorithms},
}
@article{effectiveVisualisation,
author = {HANSEN, STEVEN and NARAYANAN, N.HARI and HEGARTY, MARY},
year = {2002},
month = {06},
pages = {291-317},
title = {Designing Educationally Effective Algorithm Visualizations},
volume = {13},
journal = {Journal of Visual Languages \& Computing},
doi = {10.1006/jvlc.2002.0236}
}
@inproceedings{Grissom:2003:AVC:774833.774846,
 author = {Grissom, Scott and McNally, Myles F. and Naps, Tom},
 title = {Algorithm Visualization in CS Education: Comparing Levels of Student Engagement},
 booktitle = {Proceedings of the 2003 ACM Symposium on Software Visualization},
 series = {SoftVis '03},
 year = {2003},
 isbn = {1-58113-642-0},
 location = {San Diego, California},
 pages = {87--94},
 numpages = {8},
 url = {http://doi.acm.org/10.1145/774833.774846},
 doi = {10.1145/774833.774846},
 acmid = {774846},
 publisher = {ACM},
 address = {New York, NY, USA},
 keywords = {algorithm visualization, computer science education, sorting algorithms},
} 
@article{GBLTeaching,
author = {Kuk, Kristijan and Jovanovic, Dragica and Jokanovic, Dusan and Spalevic, Petar and Caric, Marko and Panic, Stefan},
year = {2012},
month = {12},
pages = {1312-1331},
title = {Using a game-based learning model as a new teaching strategy for computer engineering},
volume = {20},
journal = {Turkish Journal of Electrical Engineering and Computer Sciences},
doi = {10.3906/elk-1101-962}
}
@inproceedings{Stasko:1993:AAA:169059.169078,
 author = {Stasko, John and Badre, Albert and Lewis, Clayton},
 title = {Do Algorithm Animations Assist Learning?: An Empirical Study and Analysis},
 booktitle = {Proceedings of the INTERACT '93 and CHI '93 Conference on Human Factors in Computing Systems},
 series = {CHI '93},
 year = {1993},
 isbn = {0-89791-575-5},
 location = {Amsterdam, The Netherlands},
 pages = {61--66},
 numpages = {6},
 url = {http://doi.acm.org/10.1145/169059.169078},
 doi = {10.1145/169059.169078},
 acmid = {169078},
 publisher = {ACM},
 address = {New York, NY, USA},
 keywords = {algorithm animation, empirical studies, software visualization},
}
@article{vegh2,
author = {Végh, Ladislav and Stoffova, Veronika},
year = {2017},
month = {01},
pages = {121-140},
title = {Algorithm animations for teaching and learning the main ideas of basic sortings},
volume = {16},
journal = {Informatics in Education},
doi = {10.15388/infedu.2017.07}
}
@article{Esponda-Arguero:2010:TVD:1827707.1827710,
 author = {Esponda-Arg\"{u}ero, Margarita},
 title = {Techniques for Visualizing Data Structures in Algorithmic Animations},
 journal = {Information Visualization},
 issue_date = {March 2010},
 volume = {9},
 number = {1},
 month = mar,
 year = {2010},
 issn = {1473-8716},
 pages = {31--46},
 numpages = {16},
 url = {http://dx.doi.org.ezproxy.auckland.ac.nz/10.1057/ivs.2008.26},
 doi = {10.1057/ivs.2008.26},
 acmid = {1827710},
 publisher = {Palgrave Macmillan},
 keywords = {E-learning, algorithmic animation, computer science education, visualizing data structures},
}
@article{metaStudy,
author = {Hundhausen, Christopher and Douglas, Sarah and Stasko, John},
year = {2002},
month = {06},
pages = {259-290},
title = {A Meta-Study of Algorithm Visualization Effectiveness},
volume = {13},
journal = {Journal of Visual Languages \& Computing},
doi = {10.1006/jvlc.2002.0237}
}